<?xml version="1.0"?>
<marc:records xmlns:marc="http://www.loc.gov/MARC21/slim" xmlns:xsi="http://www.w3.org/2001/XMLSchema-instance" xsi:schemaLocation="http://www.loc.gov/MARC21/slim http://www.loc.gov/standards/marcxml/schema/MARC21slim.xsd">
  <marc:record>
    <marc:leader>05017ctmaa2200601Ia 4500</marc:leader>
    <marc:controlfield tag="001">9961384953503681</marc:controlfield>
    <marc:controlfield tag="005">20200414095923.0</marc:controlfield>
    <marc:controlfield tag="008">140407s1692    mr            000 0 ara d</marc:controlfield>
    <marc:datafield ind1=" " ind2=" " tag="035">
  <marc:subfield code="a">(OCoLC)ocn875884555</marc:subfield>
</marc:datafield>
    <marc:datafield ind1=" " ind2=" " tag="035">
  <marc:subfield code="a">(PUVoyagerBIBID)6138495</marc:subfield>
</marc:datafield>
    <marc:datafield ind1=" " ind2=" " tag="035">
  <marc:subfield code="a">6138495</marc:subfield>
</marc:datafield>
    <marc:datafield ind1=" " ind2=" " tag="035">
  <marc:subfield code="a">(OCoLC)875884555</marc:subfield>
</marc:datafield>
    <marc:datafield ind1=" " ind2=" " tag="035">
  <marc:subfield code="a">(PU)6138495-penndb-Voyager</marc:subfield>
</marc:datafield>
    <marc:datafield ind1=" " ind2=" " tag="040">
  <marc:subfield code="a">PAU</marc:subfield>
  <marc:subfield code="b">eng</marc:subfield>
  <marc:subfield code="c">PAU</marc:subfield>
  <marc:subfield code="e">dacs</marc:subfield>
  <marc:subfield code="d">PAU</marc:subfield>
</marc:datafield>
    <marc:datafield ind1=" " ind2=" " tag="049">
  <marc:subfield code="a">PAUU</marc:subfield>
</marc:datafield>
    <marc:datafield ind1=" " ind2=" " tag="079">
  <marc:subfield code="a">ocn875884554</marc:subfield>
</marc:datafield>
    <marc:datafield ind1=" " ind2="9" tag="099">
  <marc:subfield code="a">Ms. Coll. 960</marc:subfield>
</marc:datafield>
    <marc:datafield ind1="1" ind2=" " tag="100">
  <marc:subfield code="6">880-01</marc:subfield>
  <marc:subfield code="a">Mayya&#x304;rah, Muh&#x323;ammad ibn Ah&#x323;mad,</marc:subfield>
  <marc:subfield code="d">1590 or 1591-1661 or 1662.</marc:subfield>
</marc:datafield>
    <marc:datafield ind1="1" ind2="0" tag="240">
  <marc:subfield code="6">880-02</marc:subfield>
  <marc:subfield code="a">Itqa&#x304;n wa-al-ih&#x323;ka&#x304;m fi&#x304; sharh&#x323; Tuh&#x323;fat al-h&#x323;ukka&#x304;m</marc:subfield>
</marc:datafield>
    <marc:datafield ind1="1" ind2="0" tag="245">
  <marc:subfield code="6">880-03</marc:subfield>
  <marc:subfield code="a">Itqa&#x304;n wa-al-ah&#x323;ka&#x304;m fi&#x304; sharh&#x323; Tuh&#x323;fat al-ah&#x323;ka&#x304;m,</marc:subfield>
  <marc:subfield code="f">A.H. 1103 (1692).</marc:subfield>
</marc:datafield>
    <marc:datafield ind1=" " ind2=" " tag="300">
  <marc:subfield code="a">1</marc:subfield>
  <marc:subfield code="f">volume (296 leaves) :</marc:subfield>
  <marc:subfield code="b">paper ;</marc:subfield>
  <marc:subfield code="c">278 x 185 mm.</marc:subfield>
</marc:datafield>
    <marc:datafield ind1=" " ind2=" " tag="500">
  <marc:subfield code="a">Foliated 1-296, modern foliation in pencil, upper left recto.</marc:subfield>
</marc:datafield>
    <marc:datafield ind1=" " ind2=" " tag="500">
  <marc:subfield code="a">Dated A.H. Sha&#x2BB;ba&#x304;n 1103 (April or May 1692).</marc:subfield>
</marc:datafield>
    <marc:datafield ind1=" " ind2=" " tag="500">
  <marc:subfield code="a">Probably written in Morocco, in Maghribi script; catchwords.</marc:subfield>
</marc:datafield>
    <marc:datafield ind1=" " ind2=" " tag="500">
  <marc:subfield code="a">Early leather binding with blind-stamped center medallions, damaged (Type 3); protective talisman on lower cover.</marc:subfield>
</marc:datafield>
    <marc:datafield ind1=" " ind2=" " tag="500">
  <marc:subfield code="6">880-04</marc:subfield>
  <marc:subfield code="a">"Wa-sammaytuhu al-Itqa&#x304;n wa-al-ah&#x323;ka&#x304;m fi&#x304; sharh&#x323; Tuh&#x323;fat al-ah&#x323;ka&#x304;m [sic]." (f. 2r)</marc:subfield>
</marc:datafield>
    <marc:datafield ind1="4" ind2=" " tag="510">
  <marc:subfield code="a">Listed in the Fez Lithographs Collection Handlist,</marc:subfield>
  <marc:subfield code="c">H. 124.</marc:subfield>
</marc:datafield>
    <marc:datafield ind1=" " ind2=" " tag="520">
  <marc:subfield code="a">Treatise on Islamic law.  The manuscript has been collated with another version of the text.  Added notes on medicine and magic on flyleaves and inside covers.</marc:subfield>
</marc:datafield>
    <marc:datafield ind1=" " ind2=" " tag="524">
  <marc:subfield code="a">UPenn Ms. Coll. 960, Item 15.</marc:subfield>
</marc:datafield>
    <marc:datafield ind1=" " ind2=" " tag="546">
  <marc:subfield code="a">In Arabic.</marc:subfield>
</marc:datafield>
    <marc:datafield ind1="1" ind2=" " tag="561">
  <marc:subfield code="a">Sold as part of the Fez Lithographs Collection by Fawzi Abdulrazak (Cambridge, Massachusetts), 2013.</marc:subfield>
</marc:datafield>
    <marc:datafield ind1=" " ind2=" " tag="590">
  <marc:subfield code="a">Acquired for the Penn Libraries with assistance from the Allan G. Chester and Florence K. Chester Fund.</marc:subfield>
</marc:datafield>
    <marc:datafield ind1="1" ind2="0" tag="600">
  <marc:subfield code="6">880-05</marc:subfield>
  <marc:subfield code="a">Ibn &#x2BB;A&#x304;s&#x323;im, Muh&#x323;ammad ibn Muh&#x323;ammad,</marc:subfield>
  <marc:subfield code="d">1359-1426.</marc:subfield>
  <marc:subfield code="t">Tuh&#x323;fat al-h&#x323;ukka&#x304;m fi&#x304; nukat al-&#x2BB;uqu&#x304;d wa-al-ah&#x323;ka&#x304;m.</marc:subfield>
</marc:datafield>
    <marc:datafield ind1=" " ind2="0" tag="650">
  <marc:subfield code="a">Islamic law</marc:subfield>
  <marc:subfield code="v">Early works to 1800.</marc:subfield>
</marc:datafield>
    <marc:datafield ind1=" " ind2="0" tag="650">
  <marc:subfield code="a">Malikites</marc:subfield>
  <marc:subfield code="v">Early works to 1800.</marc:subfield>
</marc:datafield>
    <marc:datafield ind1=" " ind2="7" tag="655">
  <marc:subfield code="a">Treatises.</marc:subfield>
  <marc:subfield code="2">aat</marc:subfield>
</marc:datafield>
    <marc:datafield ind1=" " ind2="0" tag="655">
  <marc:subfield code="a">Manuscripts, Arabic</marc:subfield>
  <marc:subfield code="y">17th century.</marc:subfield>
</marc:datafield>
    <marc:datafield ind1=" " ind2="0" tag="655">
  <marc:subfield code="a">Manuscripts</marc:subfield>
  <marc:subfield code="z">Morocco</marc:subfield>
  <marc:subfield code="y">17th century.</marc:subfield>
</marc:datafield>
    <marc:datafield ind1="2" ind2=" " tag="710">
  <marc:subfield code="a">Fez Lithographs Collection (University of Pennsylvania)</marc:subfield>
</marc:datafield>
    <marc:datafield ind1="2" ind2=" " tag="710">
  <marc:subfield code="a">Allan G. Chester and Florence K. Chester Fund.</marc:subfield>
  <marc:subfield code="5">PU</marc:subfield>
</marc:datafield>
    <marc:datafield ind1="3" ind2=" " tag="740">
  <marc:subfield code="6">880-06</marc:subfield>
  <marc:subfield code="a">al-Itqa&#x304;n wa-al-ah&#x323;ka&#x304;m fi&#x304; sharh&#x323; Tuh&#x323;fat al-h&#x323;ukka&#x304;m.</marc:subfield>
</marc:datafield>
    <marc:datafield ind1="0" ind2=" " tag="773">
  <marc:subfield code="t">Collection of Fez Manuscripts.</marc:subfield>
  <marc:subfield code="g">Item 15</marc:subfield>
</marc:datafield>
    <marc:datafield ind1="0" ind2="0" tag="773">
  <marc:subfield code="t">Allan G. Chester and Florence K. Chester Fund.</marc:subfield>
</marc:datafield>
    <marc:datafield ind1=" " ind2=" " tag="852">
  <marc:subfield code="b">Kislak Center for Special Collections, Rare Books and Manuscripts</marc:subfield>
  <marc:subfield code="a">University of Pennsylvania</marc:subfield>
  <marc:subfield code="e">3420 Walnut Street, Philadelphia, Pennsylvania 19104-6206.</marc:subfield>
  <marc:subfield code="j">Ms. Coll. 960</marc:subfield>
</marc:datafield>
    <marc:datafield ind1="4" ind2="1" tag="856">
  <marc:subfield code="z">Facsimile</marc:subfield>
  <marc:subfield code="u">http://hdl.library.upenn.edu/1017/d/medren/6138495</marc:subfield>
</marc:datafield>
    <marc:datafield ind1="4" ind2="2" tag="856">
  <marc:subfield code="3">The Allan G. Chester and Florence K. Chester Fund Home Page</marc:subfield>
  <marc:subfield code="u">http://hdl.library.upenn.edu/1017.12/366196</marc:subfield>
</marc:datafield>
    <marc:datafield ind1="1" ind2=" " tag="880">
  <marc:subfield code="6">100-01/r</marc:subfield>
  <marc:subfield code="a">&#x645;&#x64A;&#x627;&#x631;&#x629;&#x60C; &#x645;&#x62D;&#x645;&#x62F; &#x628;&#x646; &#x623;&#x62D;&#x645;&#x62F;&#x60C;</marc:subfield>
  <marc:subfield code="d">1590 &#x623;&#x648; 1591-1661 &#x623;&#x648; 1662.</marc:subfield>
</marc:datafield>
    <marc:datafield ind1="1" ind2="0" tag="880">
  <marc:subfield code="6">240-02/r</marc:subfield>
  <marc:subfield code="a">&#x625;&#x62A;&#x642;&#x627;&#x646; &#x648;&#x627;&#x644;&#x625;&#x62D;&#x643;&#x627;&#x645; &#x641;&#x64A; &#x634;&#x631;&#x62D; &#x62A;&#x62D;&#x641;&#x629; &#x627;&#x644;&#x62D;&#x643;&#x627;&#x645;</marc:subfield>
</marc:datafield>
    <marc:datafield ind1="1" ind2="0" tag="880">
  <marc:subfield code="6">245-03/r</marc:subfield>
  <marc:subfield code="a">&#x627;&#x62A;&#x642;&#x627;&#x646; &#x648;&#x627;&#x644;&#x627;&#x62D;&#x643;&#x627;&#x645; &#x641;&#x64A; &#x634;&#x631;&#x62D; &#x62A;&#x62D;&#x641;&#x629; &#x627;&#x644;&#x627;&#x62D;&#x643;&#x627;&#x645;.</marc:subfield>
</marc:datafield>
    <marc:datafield ind1=" " ind2=" " tag="880">
  <marc:subfield code="6">500-04/r</marc:subfield>
  <marc:subfield code="a">"&#x648;&#x633;&#x645;&#x64A;&#x62A;&#x647; &#x627;&#x644;&#x627;&#x62A;&#x642;&#x627;&#x646; &#x648;&#x627;&#x644;&#x627;&#x62D;&#x643;&#x627;&#x645; &#x641;&#x64A; &#x634;&#x631;&#x62D; &#x62A;&#x62D;&#x641;&#x629; &#x627;&#x644;&#x627;&#x62D;&#x643;&#x627;&#x645; [&#x643;&#x630;&#x627;]." (f. 2r)</marc:subfield>
</marc:datafield>
    <marc:datafield ind1="1" ind2="4" tag="880">
  <marc:subfield code="6">600-05/r</marc:subfield>
  <marc:subfield code="a">&#x627;&#x628;&#x646; &#x639;&#x627;&#x635;&#x645;&#x60C; &#x645;&#x62D;&#x645;&#x62F; &#x628;&#x646; &#x645;&#x62D;&#x645;&#x62F;&#x60C;</marc:subfield>
  <marc:subfield code="d">1359-1426.</marc:subfield>
  <marc:subfield code="t">&#x62A;&#x62D;&#x641;&#x629; &#x627;&#x644;&#x62D;&#x643;&#x627;&#x645; &#x641;&#x64A; &#x646;&#x643;&#x62A; &#x627;&#x644;&#x639;&#x642;&#x648;&#x62F; &#x648;&#x627;&#x644;&#x623;&#x62D;&#x643;&#x627;&#x645;.</marc:subfield>
</marc:datafield>
    <marc:datafield ind1="2" ind2=" " tag="880">
  <marc:subfield code="6">740-06/r</marc:subfield>
  <marc:subfield code="a">&#x627;&#x644;&#x625;&#x62A;&#x642;&#x627;&#x646; &#x648;&#x627;&#x644;&#x623;&#x62D;&#x643;&#x627;&#x645; &#x641;&#x64A; &#x634;&#x631;&#x62D; &#x62A;&#x62D;&#x641;&#x629; &#x627;&#x644;&#x62D;&#x643;&#x627;&#x645;.</marc:subfield>
</marc:datafield>
    <marc:datafield ind1=" " ind2=" " tag="994">
  <marc:subfield code="a">C0</marc:subfield>
  <marc:subfield code="b">PAU</marc:subfield>
</marc:datafield>
    <marc:datafield ind1=" " ind2=" " tag="999">
  <marc:subfield code="a">DLA</marc:subfield>
  <marc:subfield code="b">20161019</marc:subfield>
</marc:datafield>
    <marc:holdings>
      <marc:holding>
        <marc:holding_id>22258611600003681</marc:holding_id>
        <marc:call_number>Ms. Coll. 960</marc:call_number>
        <marc:library>KislakCntr</marc:library>
        <marc:location>scmss</marc:location>
      </marc:holding>
    </marc:holdings>
  </marc:record>
</marc:records>
